@inproceedings{UWNLP,
   title={Story Cloze task: UW NLP System},
   author={Schwartz, Roy and Sap, Maarten and Konstas, Ioannis and Zilles, Leila and Choi, Yejin and Smith, Noah A},
   booktitle={EACL Workshop LSD Sem},
   pages={52--55},
   year={2017}
}

@article{ROCstories,
  author    = {Nasrin Mostafazadeh and
               Nathanael Chambers and
               Xiaodong He and
               Devi Parikh and
               Dhruv Batra and
               Lucy Vanderwende and
               Pushmeet Kohli and
               James F. Allen},
  title     = {A Corpus and Evaluation Framework for Deeper Understanding of Commonsense
               Stories},
  journal   = {CoRR},
  volume    = {abs/1604.01696},
  year      = {2016},
  url       = {http://arxiv.org/abs/1604.01696},
  archivePrefix = {arXiv},
  eprint    = {1604.01696},
  timestamp = {Wed, 07 Jun 2017 14:42:53 +0200},
  biburl    = {https://dblp.org/rec/bib/journals/corr/MostafazadehCHP16},
  bibsource = {dblp computer science bibliography, https://dblp.org}
}

@inproceedings{Mostafazadeh2017LSDSem2S,
  title={LSDSem 2017 Shared Task: The Story Cloze Test},
  author={Nasrin Mostafazadeh and Michael Roth and Annie Louis and Nathanael Chambers and James F. Allen},
  year={2017}
}

@InProceedings{LSTMClassifier,
  author = 	"Roemmele, Melissa
		and Kobayashi, Sosuke
		and Inoue, Naoya
		and Gordon, Andrew",
  title = 	"An RNN-based Binary Classifier for the Story Cloze Test",
  booktitle = 	"Proceedings of the 2nd Workshop on Linking Models of Lexical, Sentential and Discourse-level Semantics",
  year = 	"2017",
  publisher = 	"Association for Computational Linguistics",
  pages = 	"74--80",
  location = 	"Valencia, Spain",
  url = 	"http://aclweb.org/anthology/W17-0911"
}

@InProceedings{COGCOMP,
  author = 	"Chaturvedi, Snigdha
		and Peng, Haoruo
		and Roth, Dan",
  title = 	"Story Comprehension for Predicting What Happens Next",
  booktitle = 	"Proceedings of the 2017 Conference on Empirical Methods in Natural Language Processing",
  year = 	"2017",
  publisher = 	"Association for Computational Linguistics",
  pages = 	"1603--1614",
  location = 	"Copenhagen, Denmark",
  url = 	"http://aclweb.org/anthology/D17-1168"
}

@article{Goel,
author = {Goel, Pranav and Kumar Singh, Anil},
year = {2017},
month = {01},
pages = {81-86},
title = {IIT (BHU): System Description for LSDSem'17 Shared Task}
}

@article{SKL,
 title={{Scikit-learn: Machine Learning in Python }},
 author={Pedregosa, F. and Varoquaux, G. and Gramfort, A. and Michel, V.
         and Thirion, B. and Grisel, O. and Blondel, M. and Prettenhofer, P.
         and Weiss, R. and Dubourg, V. and Vanderplas, J. and Passos, A. and
         Cournapeau, D. and Brucher, M. and Perrot, M. and Duchesnay, E.},
 journal={Journal of Machine Learning Research},
 volume={12},
 pages={2825--2830},
 year={2011}
}

@article{SENTENCE_EMB,
  author    = {Siddarth Srinivasan and
               Richa Arora and
               Mark Riedl},
  title     = {A Simple and Effective Approach to the Story Cloze Test},
  journal   = {CoRR},
  volume    = {abs/1803.05547},
  year      = {2018},
  url       = {http://arxiv.org/abs/1803.05547},
  archivePrefix = {arXiv},
  eprint    = {1803.05547},
  timestamp = {Wed, 11 Apr 2018 11:12:46 +0200},
  biburl    = {https://dblp.org/rec/bib/journals/corr/abs-1803-05547},
  bibsource = {dblp computer science bibliography, https://dblp.org}
}